
@article{Aleksandr,
 author = {Ovcharenko, Aleksandr and Sahni, Onkar and Carothers, Christopher D. and Jansen, Kenneth E. and Shephard, Mark S.},
 title = {Subdomain Communication to Increase Scalability in Large-scale Scientific Applications},
 journal = {Proceedings of the 23rd International Conference on Supercomputing},
 series = {ICS '09},
 year = {2009},
 pages = {497--498},
}

@article{Jain,
 author = {Jain, Nikhil and Sabharwal, Yogish},
 title = {Optimal Bucket Algorithms for Large MPI Collectives on Torus Interconnects},
 journal = {Proceedings of the 24th ACM International Conference on Supercomputing},
 series = {ICS '10},
 year = {2010},
 pages = {27--36}
}


@article{Ahmad,
 author = {Faraj, Ahmad and Kumar, Sameer and Smith, Brian and Mamidala, Amith and Gunnels, John and Heidelberger, Philip},
 title = {MPI Collective Communications on the Blue Gene/P Supercomputer: Algorithms and Optimizations},
 journal = {Proceedings of the 23rd International Conference on Supercomputing},
 series = {ICS '09},
 year = {2009},
 pages = {489--490}
}

@article{Roth,
 author = {Roth, Philip C. and Meredith, Jeremy S. and Vetter, Jeffrey S.},
 title = {Automated Characterization of Parallel Application Communication Patterns},
 journal = {Proceedings of the 24th International Symposium on High-Performance Parallel and Distributed Computing},
 series = {HPDC '15},
 year = {2015},
 pages = {73--84}
}

@article{Raponi, 
author={P. G. Raponi and F. Petrini and R. Walkup and F. Checconi}, 
journal={Parallel and Distributed Processing Workshops and Phd Forum (IPDPSW), 2011 IEEE International Symposium on},
title={Characterization of the Communication Patterns of Scientific Applications on Blue Gene/P}, 
year={2011}, 
pages={1017-1024},
}

@article{Raghavan,
  title = {Near linear time algorithm to detect community structures in large-scale networks},
  author = {Raghavan, Usha Nandini and Albert, R\'eka and Kumara, Soundar},
  journal = {Phys. Rev. E},
  volume = {76},
  issue = {3},
  pages = {036106},
  numpages = {11},
  year = {2007},
  month = {Sep},
  publisher = {American Physical Society}
}


@article{eigenvectors,
  title = {Finding community structure in networks using the eigenvectors of matrices},
  author = {Newman, M. E. J.},
  journal = {Phys. Rev. E},
  volume = {74},
  issue = {3},
  pages = {036104},
  numpages = {19},
  year = {2006},
  month = {Sep},
  publisher = {American Physical Society}
}



@article{Jian,
 author = {Ke, Jian and Burtscher, Martin and Speight, Evan},
 title = {Runtime Compression of MPI Messanes to Improve the Performance and Scalability of Parallel Applications},
 journal = {Proceedings of the 2004 ACM/IEEE Conference on Supercomputing},
 series = {SC '04},
 year = {2004},
 pages = {59--},
}

@article{ShiGang,
author="Li, ShiGang
and Hu, ChangJun
and Zhang, JunChao
and Zhang, YunQuan",
title="Automatic tuning of sparse matrix-vector multiplication on multicore clusters",
journal="Science China Information Sciences",
year="2015",
volume="58",
number="9",
pages="1--14",
}

@article{Meneses,
    author ="Meneses, Esteban and Kal√©, Laxmikant V.",
    title = "A Fault-Tolerance Protocol for Parallel Applications
with Communication Imbalance",
    journal ="International Symposium on Computer Architecture and High Performance Computing (SBAC-PAD)",
    year = "2015"
}

@online{mpiP,
  title = {mpiP: Lightweight Scalable MPI Profiling},
  year = 2013,
  url = {http://mpip.sourceforge.net/},
}


@article{Mazaheri,
author={A. Mazaheri and A. Jannesari and A. Mirzaei and F. Wolf}, 
journal={Parallel Processing (ICPP), 2015 44th International Conference on}, 
title={Characterizing Loop-Level Communication Patterns in Shared Memory},
year={2015}, 
pages={759-768}
}

@article{Leskovec,
 author = {Leskovec, Jure and Lang, Kevin J. and Mahoney, Michael},
 title = {Empirical Comparison of Algorithms for Network Community Detection},
 journal = {Proceedings of the 19th International Conference on World Wide Web},
 series = {WWW '10},
 year = {2010},
 pages = {631--640},
 numpages = {10},
} 

@article{Clauset,
  title = {Finding community structure in very large networks},
  author = {Clauset, Aaron and Newman, M. E. J. and Moore, Cristopher},
  journal = {Phys. Rev. E},
  volume = {70},
  issue = {6},
  pages = {066111},
  numpages = {6},
  year = {2004},
  month = {Dec}
}

@article{Newman,
  title = {Fast algorithm for detecting community structure in networks},
  author = {Newman, M. E. J.},
  journal = {Phys. Rev. E},
  volume = {69},
  issue = {6},
  pages = {066133},
  numpages = {5},
  year = {2004},
  month = {Jun}
}

@article{Blondel,
  added-at = {2013-07-05T12:18:31.000+0200},
  author = {Blondel, Vincent D and Guillaume, Jean-Loup and Lambiotte, Renaud and Lefebvre, Etienne},
  journal = {Journal of Statistical Mechanics: Theory and Experiment},
  number = 10,
  pages = {P10008},
  title = {Fast unfolding of communities in large networks},
  volume = 2008,
  year = 2008
}

@article{NewGir04,
  author = {Newman, M. E. J. and Girvan, M.},
  journal = {Physical Review},
  number = 026113,
  title = {Finding and evaluating community structure in networks},
  volume = {E 69},
  year = 2004
}


@article{Radicchi,
author = {Radicchi, Filippo and Castellano, Claudio and Cecconi, Federico and Loreto, Vittorio and Parisi, Domenico}, 
title = {Defining and identifying communities in networks},
volume = {101}, 
number = {9}, 
pages = {2658-2663}, 
year = {2004},  
journal = {Proceedings of the National Academy of Sciences of the United States of America} 
}

@online{mpi,
  title = {mpi: A standardized and portable message-passing system},
  year = 1993,
  url = {http://mpi-forum.org/},
}

@online{igraph,
title = {igraph: The network analysis package},
year = 2015,
url={http://igraph.org/}
}

@online{AMG2013,
title={AMG2013: Algebraic Multi Grid (subset of hypre library)},
year=2013,
url = {https://codesign.llnl.gov/amg2013.php}
}

@online{lulesh,
title={Lulesh2.0: Livermore Unstructured Lagrangian Explicit Shock Hydrodynamics},
year=2013,
url = {https://codesign.llnl.gov/lulesh.php}
}

@online{cg,
title={NAS Parallel Benchmarks},
year=2012,
url={https://www.nas.nasa.gov/publications/npb.html}

}

@article{Lee,
author={I. Lee}, 
journal={IEEE Southeastcon 2009}, 
title={Characterizing communication patterns of NAS-MPI benchmark programs}, 
year={2009}, 
pages={158-163}
}

@article{weighted_networks,
  author = {Newman, M. E. J.},
  journal = {Phys. Rev. E},
  number = 5,
  numpages = {9},
  pages = 056131,
  publisher = {American Physical Society},
  title = {Analysis of weighted networks},
  volume = 70,
  year = 2004
}
